<?xml version="1.0" encoding="UTF-8"?><collection xmlns="http://www.loc.gov/MARC21/slim"><record><leader>00390nam--2200133-i-4500</leader><controlfield tag="001">000040785</controlfield><controlfield tag="002">20161230</controlfield><controlfield tag="005">20161230201042</controlfield><controlfield tag="008">060222s1000------------r-----000-0-eng-d</controlfield><datafield ind1=" " ind2=" " tag="080"><subfield code="a">530.145.6</subfield></datafield><datafield ind1=" " ind2=" " tag="100"><subfield code="a">Schutte,C.J.H</subfield></datafield><datafield ind1=" " ind2=" " tag="245"><subfield code="a">The wave mechanics of atoms, molecules and ions. an intr.for chemistry students</subfield></datafield><datafield ind1=" " ind2=" " tag="260"><subfield code="a">London, Edward Arnold Publ.Ltd.,1968. Xiii + 502 P</subfield></datafield><datafield ind1=" " ind2=" " tag="852"><subfield code="a">32184</subfield></datafield></record></collection>